@phdthesis{ andrey_phd,
    title={Uncertainty estimation in deep learning with application to spoken language assessment},
    author={Malinin, Andrey},
    year={2019},
    school={University of Cambridge}
}

@article{ cifar,
    title={A ‘missing’family of classical orthogonal polynomials},
    author={Vinet, Luc and Zhedanov, Alexei},
    journal={Journal of Physics A: Mathematical and Theoretical},
    volume={44},
    number={8},
    pages={085201},
    year={2011},
    publisher={IOP Publishing}
}

@article{ decomposition,
    title={Decomposition of uncertainty for active learning and reliable reinforcement learning in stochastic systems},
    author={Depeweg, Stefan and Hern{\'a}ndez-Lobato, Jos{\'e} Miguel and Doshi-Velez, Finale and Udluft, Steffen},
    journal={stat},
    volume={1050},
    pages={11},
    year={2017}
}

@incollection{ deep_ensembles,
    title = {Simple and Scalable Predictive Uncertainty Estimation using Deep Ensembles},
    author = {Lakshminarayanan, Balaji and Pritzel, Alexander and Blundell, Charles},
    booktitle = {Advances in Neural Information Processing Systems 30},
    editor = {I. Guyon and U. V. Luxburg and S. Bengio and H. Wallach and R. Fergus and S. Vishwanathan and R. Garnett},
    pages = {6402--6413},
    year = {2017},
    publisher = {Curran Associates, Inc.},
    url = {http://papers.nips.cc/paper/7219-simple-and-scalable-predictive-uncertainty-estimation-using-deep-ensembles.pdf}
}

@article{ dempster_shafer,
    title={A generalization of Bayesian inference},
    author={Dempster, Arthur P},
    journal={Journal of the Royal Statistical Society: Series B (Methodological)},
    volume={30},
    number={2},
    pages={205--232},
    year={1968},
    publisher={Wiley Online Library}
}

@misc{ dose,
    title={Density of States Estimation for Out-of-Distribution Detection}, 
    author={Warren R. Morningstar and Cusuh Ham and Andrew G. Gallagher and Balaji Lakshminarayanan and Alexander A. Alemi and Joshua V. Dillon},
    year={2020},
    eprint={2006.09273},
    archivePrefix={arXiv},
    primaryClass={cs.LG}
}

@inproceedings{ duq,
    title={Uncertainty estimation using a single deep deterministic neural network},
    author={Van Amersfoort, Joost and Smith, Lewis and Teh, Yee Whye and Gal, Yarin},
    booktitle={International Conference on Machine Learning},
    pages={9690--9700},
    year={2020},
    organization={PMLR}
}

@article{ duq_improved,
    title={Improving Deterministic Uncertainty Estimation in Deep Learning for Classification and Regression},
    author={van Amersfoort, Joost and Smith, Lewis and Jesson, Andrew and Key, Oscar and Gal, Yarin},
    journal={arXiv preprint arXiv:2102.11409},
    year={2021}
}

@inproceedings{ end2,
	title={Ensemble Distribution Distillation},
	author={Andrey Malinin and Bruno Mlodozeniec and Mark Gales},
	booktitle={International Conference on Learning Representations},
	year={2020},
	url={https://openreview.net/forum?id=BygSP6Vtvr}
}

@incollection{ evidential_classification,
    title = {Evidential Deep Learning to Quantify Classification Uncertainty},
    author = {Sensoy, Murat and Kaplan, Lance and Kandemir, Melih},
    booktitle = {Advances in Neural Information Processing Systems 31},
    editor = {S. Bengio and H. Wallach and H. Larochelle and K. Grauman and N. Cesa-Bianchi and R. Garnett},
    pages = {3179--3189},
    year = {2018},
    publisher = {Curran Associates, Inc.},
    url = {http://papers.nips.cc/paper/7580-evidential-deep-learning-to-quantify-classification-uncertainty.pdf}
}

@misc{ evidential_regression,
    title={Deep Evidential Uncertainty},
    author={Alexander Amini and Wilko Schwarting and Ava Soleimany and Daniela Rus},
    year={2020},
    url={https://openreview.net/forum?id=S1eSoeSYwr}
}

@misc{ gp,
    title={Simple and Principled Uncertainty Estimation with Deterministic Deep Learning via Distance Awareness}, 
    author={Jeremiah Zhe Liu and Zi Lin and Shreyas Padhy and Dustin Tran and Tania Bedrax-Weiss and Balaji Lakshminarayanan},
    year={2020},
    eprint={2006.10108},
    archivePrefix={arXiv},
    primaryClass={cs.LG}
}

@inproceedings{ flows_fail,
    title = {Why Normalizing Flows Fail to Detect Out-of-Distribution Data},
    author = {Kirichenko, Polina and Izmailov, Pavel and Wilson, Andrew G},
    booktitle = {Advances in Neural Information Processing Systems},
    editor = {H. Larochelle and M. Ranzato and R. Hadsell and M. F. Balcan and H. Lin},
    pages = {20578--20589},
    publisher = {Curran Associates, Inc.},
    url = {https://proceedings.neurips.cc/paper/2020/file/ecb9fe2fbb99c31f567e9823e884dbec-Paper.pdf},
    volume = {33},
    year = {2020}
}

@inproceedings{ imagenet,
    added-at = {2020-02-14T00:00:00.000+0100},
    author = {Deng, Jia and Dong, Wei and Socher, Richard and Li, Li-Jia and Li, Kai and Li, Fei-Fei},
    biburl = {https://www.bibsonomy.org/bibtex/209d9aa781dac7233dc587b44cfe80063/dblp},
    booktitle = {CVPR},
    ee = {https://www.wikidata.org/entity/Q37043902},
    interhash = {6e5c8a1ecaf9a8b0e73d5d5383dadcf9},
    intrahash = {09d9aa781dac7233dc587b44cfe80063},
    isbn = {978-1-4244-3992-8},
    keywords = {dblp},
    pages = {248-255},
    publisher = {IEEE Computer Society},
    timestamp = {2020-02-18T11:51:08.000+0100},
    title = {ImageNet: A large-scale hierarchical image database.},
    url = {http://dblp.uni-trier.de/db/conf/cvpr/cvpr2009.html#DengDSLL009},
    year = 2009
}

@article{ imagenet_a_o,
    title={Natural adversarial examples},
    author={Hendrycks, Dan and Zhao, Kevin and Basart, Steven and Steinhardt, Jacob and Song, Dawn},
    journal={arXiv preprint arXiv:1907.07174},
    year={2019}
}

@article{ imagenet_c,
    title={Benchmarking neural network robustness to common corruptions and perturbations},
    author={Hendrycks, Dan and Dietterich, Thomas},
    journal={arXiv preprint arXiv:1903.12261},
    year={2019}
}

@article{ imagenet_r,
    title={The many faces of robustness: A critical analysis of out-of-distribution generalization},
    author={Hendrycks, Dan and Basart, Steven and Mu, Norman and Kadavath, Saurav and Wang, Frank and Dorundo, Evan and Desai, Rahul and Zhu, Tyler and Parajuli, Samyak and Guo, Mike and others},
    journal={arXiv preprint arXiv:2006.16241},
    year={2020}
}

@article{ knn,
    title={Deterministic Neural Networks with Appropriate Inductive Biases Capture Epistemic and Aleatoric Uncertainty},
    author={Mukhoti, Jishnu and Kirsch, Andreas and van Amersfoort, Joost and Torr, Philip HS and Gal, Yarin},
    journal={arXiv preprint arXiv:2102.11582},
    year={2021}
}

@article{ lsun,
    title={Lsun: Construction of a large-scale image dataset using deep learning with humans in the loop},
    author={Yu, Fisher and Seff, Ari and Zhang, Yinda and Song, Shuran and Funkhouser, Thomas and Xiao, Jianxiong},
    journal={arXiv preprint arXiv:1506.03365},
    year={2015}
}

@inproceedings{ max_logit,
    title={Unsupervised out-of-distribution detection by maximum classifier discrepancy},
    author={Yu, Qing and Aizawa, Kiyoharu},
    booktitle={Proceedings of the IEEE/CVF International Conference on Computer Vision},
    pages={9518--9526},
    year={2019}
}

@article{ max_proba,
    title={A baseline for detecting misclassified and out-of-distribution examples in neural networks},
    author={Hendrycks, Dan and Gimpel, Kevin},
    journal={arXiv preprint arXiv:1610.02136},
    year={2016}
}

@inproceedings{ monte_carlo_dropout,
    title={Dropout as a bayesian approximation: Representing model uncertainty in deep learning},
    author={Gal, Yarin and Ghahramani, Zoubin},
    booktitle={international conference on machine learning},
    pages={1050--1059},
    year={2016},
    organization={PMLR}
}

@article{ neural_collapse,
  title={Prevalence of neural collapse during the terminal phase of deep learning training},
  author={Papyan, Vardan and Han, XY and Donoho, David L},
  journal={Proceedings of the National Academy of Sciences},
  volume={117},
  number={40},
  pages={24652--24663},
  year={2020},
  publisher={National Acad Sciences}
}

@misc{ odin,
    title={Enhancing The Reliability of Out-of-distribution Image Detection in Neural Networks}, 
    author={Shiyu Liang and Yixuan Li and R. Srikant},
    year={2020},
    eprint={1706.02690},
    archivePrefix={arXiv},
    primaryClass={cs.LG}
}

@misc{ one_vs_all,
    title={Revisiting One-vs-All Classifiers for Predictive Uncertainty and Out-of-Distribution Detection in Neural Networks}, 
    author={Shreyas Padhy and Zachary Nado and Jie Ren and Jeremiah Liu and Jasper Snoek and Balaji Lakshminarayanan},
    year={2020},
    eprint={2007.05134},
    archivePrefix={arXiv},
    primaryClass={cs.LG}
}

@misc{ posterior_net,
    title={Posterior Network: Uncertainty Estimation without OOD Samples via Density-Based Pseudo-Counts}, 
    author={Bertrand Charpentier and Daniel Zügner and Stephan Günnemann},
    year={2020},
    eprint={2006.09239},
    archivePrefix={arXiv},
    primaryClass={cs.LG}
}

@incollection{ prior_net,
    title = {Predictive Uncertainty Estimation via Prior Networks},
    author = {Malinin, Andrey and Gales, Mark},
    booktitle = {Advances in Neural Information Processing Systems 31},
    editor = {S. Bengio and H. Wallach and H. Larochelle and K. Grauman and N. Cesa-Bianchi and R. Garnett},
    pages = {7047--7058},
    year = {2018},
    publisher = {Curran Associates, Inc.},
    url = {http://papers.nips.cc/paper/7936-predictive-uncertainty-estimation-via-prior-networks.pdf}
}

@article{ regression_prior_net,
    title={Regression Prior Networks},
    author={Andrey Malinin and Sergey Chervontsev and Ivan Provilkov and Mark Gales},
    journal={arXiv e-prints},
    volume={abs/2006.11590},
    year={2020},
    url={https://arxiv.org/abs/2006.11590},
    eid={arXiv:2006.11590},
    eprint={2006.11590}
}

@inproceedings{ resnet,
    title={Deep residual learning for image recognition},
    author={He, Kaiming and Zhang, Xiangyu and Ren, Shaoqing and Sun, Jian},
    booktitle={Proceedings of the IEEE conference on computer vision and pattern recognition},
    pages={770--778},
    year={2016}
}

@incollection{ reverse_kl,
    title = {Reverse KL-Divergence Training of Prior Networks: Improved Uncertainty and Adversarial Robustness},
    author = {Malinin, Andrey and Gales, Mark},
    booktitle = {Advances in Neural Information Processing Systems 32},
    editor = {H. Wallach and H. Larochelle and A. Beygelzimer and F. d\textquotesingle Alch\'{e}-Buc and E. Fox and R. Garnett},
    pages = {14547--14558},
    year = {2019},
    publisher = {Curran Associates, Inc.},
    url = {http://papers.nips.cc/paper/9597-reverse-kl-divergence-training-of-prior-networks-improved-uncertainty-and-adversarial-robustness.pdf}
}

@misc{ single_net,
    title={Uncertainty Estimation Using a Single Deep Deterministic Neural Network}, 
    author={Joost van Amersfoort and Lewis Smith and Yee Whye Teh and Yarin Gal},
    year={2020},
    eprint={2003.02037},
    archivePrefix={arXiv},
    primaryClass={cs.LG}
}

@misc{ svhn,
    title={Reading digits in natural images with unsupervised feature learning},
    author={Netzer, Yuval and Wang, Tao and Coates, Adam and Bissacco, Alessandro and Wu, Bo and Ng, Andrew Y},
    year={2011}
}

@article{ tsne,
    title={Visualizing data using t-SNE.},
    author={Van der Maaten, Laurens and Hinton, Geoffrey},
    journal={Journal of machine learning research},
    volume={9},
    number={11},
    year={2008}
}

@article{ typical_sets,
    title = {Detecting Out-of-Distribution Inputs to Deep Generative Models Using a Test for Typicality},
    author={Nalisnick, Eric and Matsukawa, Akihiro and Teh, Yee and Lakshminarayanan, Balaji},
    pages={},
    journal={arXiv preprint arXiv:1906.02994},
    year={2019},
    month={06},
}

@article{ tim,
    title={Tiny imagenet visual recognition challenge},
    author={Le, Ya and Yang, Xuan},
    journal={CS 231N},
    volume={7},
    pages={7},
    year={2015}
}

@article{ wide_resnet,
    title={Wide residual networks},
    author={Zagoruyko, Sergey and Komodakis, Nikos},
    journal={arXiv preprint arXiv:1605.07146},
    year={2016}
}

@phdthesis{ yarin_gal_phd,
    title={Uncertainty in deep learning},
    author={Gal, Yarin},
    year={2016},
    school={University of Cambridge}
}